%% This BibTeX bibliography file was created using BibDesk.
%% http://bibdesk.sourceforge.net/


%% Created for Dhirendra Singh at 2009-08-07 11:49:14 +1000 


%% Saved with string encoding Unicode (UTF-8) 



@article{breiman1996baggi,
	Author = {Leo Breiman},
	Date-Modified = {2009-08-07 11:45:50 +1000},
	Journal = {Machine Learning},
	Number = {2},
	Pages = {123-140},
	Title = {Bagging predictors},
	Volume = {24},
	Year = {1996}}
