%% This BibTeX bibliography file was created using BibDesk.
%% http://bibdesk.sourceforge.net/


%% Created for Dhirendra Singh at 2009-07-03 14:41:38 +1000 


%% Saved with string encoding Unicode (UTF-8) 



@article{rao1995bdi-a,
	Author = {Rao, A. S. and Georgeff, M. P.},
	Cites = {931},
	Date-Added = {2009-07-03 14:25:56 +1000},
	Date-Modified = {2009-07-03 14:41:37 +1000},
	Journal = {Proceedings of the First International Conference on Multi-Agent Systems (ICMAS-95)},
	Pages = {312--319},
	Rating = {0},
	Read = {No},
	Title = {{BDI agents: From theory to practice}},
	Year = {1995}}

@article{release2008bette,
	Author = {Press Release},
	Date-Added = {2009-07-03 12:27:35 +1000},
	Date-Modified = {2009-07-03 12:33:07 +1000},
	Journal = {Better Place Website},
	Month = {Oct},
	Note = {http://www.betterplace.com/company/press-release-detail/better-place-partners-with-agl-and-macquarie-to-build-ev-infrastructure-in-/},
	Title = {{Better Place Partners With AGL and Macquarie to Build EV Infrastructure in Australia}},
	Year = {2008}}

@article{samaras2008life-,
	Abstract = {Electricity supply decisions within the next decade will affect the potential for large life cycle greenhouse gas emissions reductions with plug-in hybrids for several decades.},
	Annote = {doi: 10.1021/es702178s},
	Author = {Samaras, Constantine and Meisterling, Kyle},
	Date-Added = {2009-07-03 12:08:52 +1000},
	Date-Modified = {2009-07-03 12:09:15 +1000},
	Day = {05},
	Isbn = {0013-936X},
	Journal = {Environmental Science \& Technology},
	M3 = {doi: 10.1021/es702178s},
	Month = {04},
	Number = {9},
	Pages = {3170--3176},
	Title = {Life Cycle Assessment of Greenhouse Gas Emissions from Plug-in Hybrid Vehicles: Implications for Policy},
	Ty = {JOUR},
	Url = {http://dx.doi.org/10.1021/es702178s},
	Volume = {42},
	Year = {2008},
	Year1 = {2008/05/01/},
	Bdsk-Url-1 = {http://dx.doi.org/10.1021/es702178s}}

@article{bradley2009desig,
	Author = {Thomas H. Bradley and Andrew A. Frank},
	Date-Added = {2009-07-03 12:00:12 +1000},
	Date-Modified = {2009-07-03 12:00:16 +1000},
	Doi = {DOI: 10.1016/j.rser.2007.05.003},
	Issn = {1364-0321},
	Journal = {Renewable and Sustainable Energy Reviews},
	Keywords = {Electric grid},
	Number = {1},
	Pages = {115 - 128},
	Title = {Design, demonstrations and sustainability impact assessments for plug-in hybrid electric vehicles},
	Volume = {13},
	Year = {2009},
	Bdsk-Url-1 = {http://dx.doi.org/10.1016/j.rser.2007.05.003}}

@article{burke2007batte,
	Author = {Burke, AF},
	Date-Added = {2009-07-03 11:40:38 +1000},
	Date-Modified = {2009-07-03 11:40:39 +1000},
	Journal = {Proceedings of the IEEE},
	Number = {4},
	Pages = {806--820},
	Title = {{Batteries and ultracapacitors for electric, hybrid, and fuel cell vehicles}},
	Volume = {95},
	Year = {2007}}

@inproceedings{wellinghoff2009the-c,
	Author = {Jon Wellinghoff },
	Booktitle = {{Plug-In Electric Vehicles: What Role for Washington?}},
	Chapter = {4},
	Date-Added = {2009-07-03 11:19:40 +1000},
	Date-Modified = {2009-07-03 11:24:39 +1000},
	Month = {February},
	Pages = {65--88},
	Publisher = {Brookings Institution Press},
	Title = {{The Cash Back Car}},
	Year = {2009}}

@article{lund2008integ,
	Author = {Henrik Lund and Willett Kempton},
	Date-Modified = {2009-07-03 11:00:55 +1000},
	Doi = {DOI: 10.1016/j.enpol.2008.06.007},
	Issn = {0301-4215},
	Journal = {Energy Policy},
	Number = {9},
	Pages = {3578 - 3587},
	Title = {Integration of renewable energy into the transport and electricity sectors through V2G},
	Volume = {36},
	Year = {2008},
	Bdsk-Url-1 = {http://dx.doi.org/10.1016/j.enpol.2008.06.007}}
